<record><leader>00000cas a22000007a 4500</leader><controlfield tag="001">9798232</controlfield><controlfield tag="008">830810d18301850nyuwr ne      0    0eng d</controlfield><controlfield tag="009">3781</controlfield><datafield ind1=" " ind2=" " tag="010"><subfield code="a">sn 83031136 </subfield></datafield><datafield ind1=" " ind2=" " tag="040"><subfield code="a">NPU</subfield><subfield code="b">eng</subfield><subfield code="c">NPU</subfield><subfield code="d">DLC</subfield><subfield code="d">NPY</subfield><subfield code="d">NYS</subfield><subfield code="d">CNK</subfield><subfield code="d">NYS</subfield><subfield code="d">OBN</subfield><subfield code="d">OCL</subfield><subfield code="d">KRTAS</subfield><subfield code="d">OCLCF</subfield><subfield code="d">OCLCO</subfield></datafield><datafield ind1="1" ind2=" " tag="029"><subfield code="a">AU@</subfield><subfield code="b">000020127338</subfield></datafield><datafield ind1=" " ind2=" " tag="042"><subfield code="a">msc</subfield></datafield><datafield ind1="0" ind2="0" tag="050"><subfield code="a">Newspaper 8829-X</subfield></datafield><datafield ind1="0" ind2=" " tag="130"><subfield code="a">Ithaca chronicle (Ithaca, N.Y. : 1830)</subfield></datafield><datafield ind1="0" ind2="0" tag="245"><subfield code="a">Ithaca chronicle.</subfield></datafield><datafield ind1=" " ind2=" " tag="260"><subfield code="a">Ithaca [N.Y.] :</subfield><subfield code="b">D.D. &amp; A. Spencer,</subfield></datafield><datafield ind1=" " ind2=" " tag="300"><subfield code="a">v.</subfield></datafield><datafield ind1=" " ind2=" " tag="310"><subfield code="a">Weekly</subfield></datafield><datafield ind1="0" ind2=" " tag="362"><subfield code="a">Vol. 1, no. 1 (Mar. 3, 1830)-v. 21, no. 14 (May 8, 1850).</subfield></datafield><datafield ind1=" " ind2=" " tag="500"><subfield code="a">Publishers: D.D. &amp; A. Spencer, Mar. 3, 1830-Feb.28, 1844; D.D. &amp; A. &amp; S. Spencer, Mar. 6, 1844-Dec. 12, 1849; A. Spencer &amp; Co., Dec. 19, 1849-May 8, 1850.</subfield></datafield><datafield ind1=" " ind2="0" tag="651"><subfield code="a">Ithaca (N.Y.)</subfield><subfield code="v">Newspapers.</subfield></datafield><datafield ind1=" " ind2="0" tag="651"><subfield code="a">Tompkins County (N.Y.)</subfield><subfield code="v">Newspapers.</subfield></datafield><datafield ind1=" " ind2="7" tag="655"><subfield code="a">Newspapers.</subfield><subfield code="2">fast</subfield><subfield code="0">(OCoLC)fst01423814</subfield></datafield><datafield ind1=" " ind2="7" tag="651"><subfield code="a">New York (State)</subfield><subfield code="z">Ithaca.</subfield><subfield code="2">fast</subfield><subfield code="0">(OCoLC)fst01205507</subfield></datafield><datafield ind1=" " ind2="7" tag="651"><subfield code="a">New York (State)</subfield><subfield code="z">Tompkins County.</subfield><subfield code="2">fast</subfield><subfield code="0">(OCoLC)fst01207029</subfield></datafield><datafield ind1=" " ind2=" " tag="752"><subfield code="a">United States</subfield><subfield code="b">New York</subfield><subfield code="c">Tompkins</subfield><subfield code="d">Ithaca.</subfield></datafield><datafield ind1="0" ind2=" " tag="775"><subfield code="t">Ithaca daily chronicle</subfield><subfield code="w">(DLC)sn 90066050</subfield></datafield><datafield ind1="0" ind2="0" tag="785"><subfield code="t">Ithaca weekly chronicle</subfield><subfield code="w">(DLC)sn 83031137</subfield></datafield><datafield ind1=" " ind2=" " tag="938"><subfield code="a">Kirtas Technologies, Inc.</subfield><subfield code="b">KRTS</subfield><subfield code="n">737252</subfield></datafield></record>